@article{amato_2017, title={Accurate orbit propagation
                  in the presence of planetary close encounters},
                  volume={470}, DOI={10.1093/mnras/stx1254},
                  number={2}, journal={Monthly Notices of the Royal
                  Astronomical Society}, author={Amato, Davide and
                  Bau, Giulio and Bombardelli, Claudio}, year={2017},
                  pages={2079â€“2099}}

@book{roy_2017, place={Boca Raton}, title={Orbital motion}, publisher={CRC
                  Press}, author={Roy, Archie E.}, year={2017}}

@book{stiefel_1971, place={Berlin, Heidelberg, New York},
                  title={Linear and regular celestial mechanics:
                  Perturbed Two-body Motion, Numerical Methods,
                  Canonical Theory}, publisher={Springer-Verlag},
                  author={Stiefel, Eduard L. and Scheifele, Gerhard},
                  year=1971}